
@INPROCEEDINGS{Kottas_NotParamQuantReg,
  author = {Kottas, A. and Krnjajic, M. and Taddy, M.},
  title = {Model-Based Approaches to Nonparametric Bayesian Quantile Regression},
  booktitle = {Proceedings of the 2007 Joint Statistical Meetings},
  year = {2007},
  pages = {1137-1148}
  }

@TECHREPORT{Kottas_SemiparamQuantReg,
    author = {Kottas, A. and Krnjajic, M.},
    title = {Bayesian Nonparametric Modeling in Quantile Regression},
    year = {2005},
    institution = {University of California, Santa Cruz},
    type = {Technical Report {AMS} 2005-06}
    }

@BOOK{Rasmussen_GauProc,
  title={Gaussian Processes for Machine Learning},
  author={Rasmussen, C.E. and Williams, C.K.I.},
  isbn={9780262182539},
  lccn={2005053433},
  series={Adaptative Computation and Machine Learning series},
  url={https://books.google.com.mx/books?id=vWtwQgAACAAJ},
  year={2006},
  publisher={the MIT Press}, 
  address={Cambridge, Massachusetts}
  
}

@INCOLLECTION{Yee_DirProc,
  author      = {Y. W. Teh},
  title       = {Dirichlet Process},
  editor      = {Sammut, C and Webb, GI},
  booktitle   = {Encyclopedia of Machine Learning},
  publisher   = {Springer},
  year        = {2010},
  pages       = {280-287},
  address     = {New York}
}

@BOOK{Denison_BayesMethods,
  title={Bayesian Methods for Nonlinear Classification and Regression},
  author={Denison, D. G. T. and Holmes, C. C. and Mallick, B. K. and Smith, A. F. M.},
  isbn={9780471490364},
  lccn={2002280834},
  series={Wiley Series in Probability},
  url={https://books.google.com.mx/books?id=SIlDWySNuXgC},
  year={2002},
  publisher={Wiley}
}

@BOOK{Hao_FrecQuantReg,
  title={Quantile Regression},
  author={Hao, L. and Naiman, D.Q.},
  number={149},
  series={Quantile Regression series},
  isbn={9781412926287},
  lccn={2006035964},
  url={https://books.google.com.mx/books?id=nKVBXePWtSoC},
  year={2007},
  publisher={SAGE Publications},
  address={Thousand Oaks, California}
}

@ARTICLE{Yu_BayQuantReg,
  author = {Yu, K. and Moyeed, R. A.},
  title = {Bayesian Quantile Regression},
  journal = {Statistics \& Probability Letters},
  year = {2001},
  volume = {54},
  number = {4},
  pages = {437â€“447}
  }

@BOOK{Schervish_TheoryStats,
  title={Theory of Statistics},
  author={Schervish, M.J.},
  isbn={9780387945460},
  lccn={97115378},
  series={Springer Series in Statistics},
  url={https://books.google.com.mx/books?id=F9A9af4It10C},
  year={1996},
  publisher={Springer},
  address={New York}
}

@UNPUBLISHED{Bannerjee_BayLinMod,
    author = {Bannerjee, S.},
    title = {Bayesian Linear Models: {The Gory Details}},
    note = {Notas del autor. Descargado de http://www.biostat.umn.edu/~ph7440/},
    year = {2008}
    }

@ARTICLE{Koenker_QuantReg,
 ISSN = {00129682, 14680262},
 URL = {http://www.jstor.org/stable/1913643},
 author = {Koenker, R. and Bassett, G.},
 journal = {Econometrica},
 number = {1},
 pages = {33-50},
 publisher = {[Wiley, Econometric Society]},
 title = {Regression Quantiles},
 volume = {46},
 year = {1978}
}

@ARTICLE{Walker_BayesAccFail,
  author = {Walker, S.G. and Mallick, B.K.},
  title = {A Bayesian Semiparametric Accelerated Failure Time Model},
  journal = {Biometrics},
  year = {1999},
  volume = {55},
  number = {2},
  pages = {477-483}
  }
 
@ARTICLE{Kottas_BaySemiparamMed,
  author = {Kottas, A. and Gelfland, A.E.},
  title = {Bayesian Semiparametric Median Regression Modeling},
  journal = {Journal of the American Statistical Association},
  year = {2001},
  volume = {96},
  number = { },
  pages = {1458-1468}
  }

@ARTICLE{Hanson_PolyaTrees,
  author = {Hanson, T. and Johnson, W.O.},
  title = {Modeling Regression Error With a Mixture of Polya Trees},
  journal = {Journal of the American Statistical Association},
  year = {2002},
  volume = {97},
  number = { },
  pages = {1020-1033}
  }

@ARTICLE{Tsionas_BayQuantInf,
  author = {Tsionas, E.G.},
  title = {Bayesian Quantile Inference},
  journal = {Journal of Statistical Computation and Simulation},
  year = {2003},
  volume = {73},
  number = { },
  pages = {659-674}
  }

@ARTICLE{Lavine_LikeQuant,
  author = {Lavine, M.},
  title = {On an Approximate Likelihood for Quantiles},
  journal = {Biometrika},
  year = {1995},
  volume = {82},
  number = { },
  pages = {220-222}
  }

@ARTICLE{Dunson_ApproxBayes,
  author = {Dunson, D.B. and Taylor, J.A.},
  title = {Approximate Bayesian Inference for Quantiles},
  journal = {Journal of Nonparametric Statistics},
  year = {2005},
  volume = {17},
  number = { },
  pages = {385-400}
  }

@ARTICLE{Fishburn_Axioms,
 ISSN = {08834237},
 URL = {http://www.jstor.org/stable/2245466},
 author = {Fishburn, P. C.},
 journal = {Statistical Science},
 number = {3},
 pages = {335-345},
 publisher = {Institute of Mathematical Statistics},
 title = {The Axioms of Subjective Probability},
 volume = {1},
 year = {1986}
}

@BOOK{Wasserman_Nonparametric,
 author = {Wasserman, L.},
 title = {All of Nonparametric Statistics},
 year = {2006},
 isbn = {0387251456},
 publisher = {Springer-Verlag},
 series = {Springer Texts in Statistics},
} 

@article{Kalli_Slice,
  doi = {10.1007/s11222-009-9150-y},
  url = {https://doi.org/10.1007/s11222-009-9150-y},
  year  = {2009},
  month = {sep},
  publisher = {Springer Nature},
  volume = {21},
  number = {1},
  pages = {93--105},
  author = {Kalli, M. and Griffin, J.E. and Walker, S.G.},
  title = {Slice Sampling Mixture Models},
  journal = {Statistics and Computing}
}

@incollection{Dawid_Exchangeability,
  author      = "Dawid, A. P.",
  title       = "Exchangeability and Its Ramifications",
  editor      = "Damien, P. and Dellaportas, P.  and Polson, N. and Stephens, D. A.",
  booktitle   = "Bayesian Theory and Applications",
  publisher   = "Oxford University Press",
  year        = 2016,
  pages       = "19-29",
  chapter     = 2,
}

@techreport{Paisley_SB,
    author = {Paisley, J.},
    citeulike-article-id = {12936923},
    institution = {MIT},
    keywords = {dirichlet-process, probability},
    posted-at = {2014-01-25 18:38:52},
    priority = {2},
    title = {{A Simple Proof of the Stick-Breaking Construction of the Dirichlet Process}},
    year = {2010}
}

@book{Robert_MCMC,
 author = {Robert, C. P. and Casella, G.},
 title = {Introducing Monte Carlo Methods with R},
 year = {2009},
 isbn = {1441915753, 9781441915757},
 publisher = {Springer-Verlag},
 address = {Berlin, Heidelberg},
} 



%%%%%%%%%%%%%%%%%%%%%
%   --  END --
%%%%%%%%%%%%%%%%%%%%%
